<record><leader>00000cas a22000007a 4500</leader><controlfield tag="001">22905615</controlfield><controlfield tag="008">901228c19899999ohucr ne      0    0eng d</controlfield><datafield ind1=" " ind2=" " tag="010"><subfield code="a">sn 90068673 </subfield></datafield><datafield ind1=" " ind2=" " tag="040"><subfield code="a">ONP</subfield><subfield code="b">eng</subfield><subfield code="c">ONP</subfield><subfield code="d">OCLCQ</subfield></datafield><datafield ind1=" " ind2=" " tag="042"><subfield code="a">msc</subfield></datafield><datafield ind1="0" ind2=" " tag="130"><subfield code="a">Niles times (Niles, Ohio : 1989)</subfield></datafield><datafield ind1="1" ind2="4" tag="245"><subfield code="a">The Niles times.</subfield></datafield><datafield ind1=" " ind2=" " tag="260"><subfield code="a">Niles, Ohio :</subfield><subfield code="b">Phoenix Pub.,</subfield><subfield code="c">1989-</subfield></datafield><datafield ind1=" " ind2=" " tag="300"><subfield code="a">v.</subfield></datafield><datafield ind1=" " ind2=" " tag="310"><subfield code="a">Semiweekly</subfield></datafield><datafield ind1="0" ind2=" " tag="362"><subfield code="a">65th year, no. 222 (July 6, 1989)-</subfield></datafield><datafield ind1=" " ind2=" " tag="580"><subfield code="a">Issued with: Tribune chronicle (Warren, Ohio), Aug. 16, 1990-</subfield></datafield><datafield ind1=" " ind2=" " tag="752"><subfield code="a">United States</subfield><subfield code="b">Ohio</subfield><subfield code="c">Trumbull</subfield><subfield code="d">Niles.</subfield></datafield><datafield ind1="1" ind2=" " tag="777"><subfield code="t">Tribune chronicle (Warren, Ohio)</subfield><subfield code="w">(DLC)sn 88078596</subfield></datafield><datafield ind1="0" ind2="0" tag="780"><subfield code="t">Niles daily times (Niles, Ohio : 1979)</subfield><subfield code="w">(DLC)sn 90068520</subfield></datafield></record>